@mastersthesis { 1020112250.nh,
author = { 崔昕宇 },
title = {基于μCOS-Ⅲ嵌入式实时系统内存管理的设计与实现},
school = {沈阳工业大学},
year = {2020}
}

@INPROCEEDINGS{1311009,
  author={Masmano, M. and Ripoll, I. and Crespo, A. and Real, J.},
  booktitle={Proceedings. 16th Euromicro Conference on Real-Time Systems, 2004. ECRTS 2004.}, 
  title={TLSF: a new dynamic memory allocator for real-time systems}, 
  year={2004},
  volume={},
  number={},
  pages={79-88},
  keywords={Real time systems;Dynamic programming;Software algorithms;Software engineering;Object oriented programming;Application software;Delay;Heuristic algorithms;Timing;Operating systems},
  doi={10.1109/EMRTS.2004.1311009}}

@mastersthesis { 1024579329.nh,
author = { 陈灵 },
title = {微内核架构操作系统内存管理系统的研究与实现},
school = {电子科技大学},
year = {2024}
}

@mastersthesis { 1024446289.nh,
author = { 焦旭峰 },
title = {基于RISC-Ⅴ的IOMMU设计},
school = {湖南大学},
year = {2023}
}

@misc{guo2024slabefficienttransformerssimplified,
      title={SLAB: Efficient Transformers with Simplified Linear Attention and Progressive Re-parameterized Batch Normalization}, 
      author={Jialong Guo and Xinghao Chen and Yehui Tang and Yunhe Wang},
      year={2024},
      eprint={2405.11582},
      archivePrefix={arXiv},
      primaryClass={cs.CV},
      url={https://arxiv.org/abs/2405.11582}, 
}

@misc{rfc7228,
    series =    {Request for Comments},
    number =    7228,
    howpublished =  {RFC 7228},
    publisher = {RFC Editor},
    doi =       {10.17487/RFC7228},
    url =       {https://www.rfc-editor.org/info/rfc7228},
    author =    {Carsten Bormann and Mehmet Ersue and Ari Keränen},
    title =     {{Terminology for Constrained-Node Networks}},
    pagetotal = 17,
    year =      2014,
    month =     may,
    abstract =  {The Internet Protocol Suite is increasingly used on small devices with severe constraints on power, memory, and processing resources, creating constrained-node networks. This document provides a number of basic terms that have been useful in the standardization work for constrained-node networks.},
}

@article{hahm2015operating,
  title={{Operating systems for low-end devices in the Internet of Things: a survey}},
  author={Hahm, Oliver and others},
  journal={IEEE Internet of Things Journal},
  year={2015},
}

@inproceedings{levy2015ownership,
  title={{Ownership is theft: Experiences building an embedded OS in Rust}},
  author={Levy, Amit and others},
  booktitle={ACM PLOS},
  year={2015}
}

@misc{embedded-rust-book,
  author        = {{The Rust Community}},  
  title        = {{The Embedded Rust Book}},
  howpublished = {\url{https://docs.rust-embedded.org/book/}},
  year         = {2024},
}

@misc{hubris,
  title        = {{Hubris OS}},
  howpublished = {\url{https://github.com/oxidecomputer/hubris}},
  year         = {2025},
}

@misc{drone-os,
  title        = {{Drone OS}},
  howpublished = {\url{https://github.com/drone-os}},
  year         = {2025},
}

@misc{rtic,
  title        = {{RTIC}},
  howpublished = {\url{https://github.com/rtic-rs/rtic}},
  year         = {2025},
}

@misc{embassy,
  title        = {{Embassy Framework}},
  howpublished = {\url{https://github.com/embassy-rs/embassy}},
  year         = {2025},
}

@inbook{rust-book_traits,
  author    = {Klabnik, Steve and Nichols, Carol},
  title     = {The Rust Programming Language},
  chapter   = {10.2 Traits: Defining Shared Behavior},
  year      = "2022",
  type      = {Book Chapter},
}

@misc{laze,
  title        = {{Laze Meta-Build System}},
  howpublished = {\url{https://github.com/kaspar030/laze}},
  year         = {2025},
}

@misc{smoltcp,
  title        = {{SmolTCP Net. Stack}},
  howpublished = {\url{https://github.com/smoltcp-rs/smoltcp}},
  year         = {2025},
}

@article{tschofenig2019cyberphysical,
  title={{Cyberphysical Security for the Masses: A Survey of the Internet Protocol Suite for Internet of Things Security}},
  author={Tschofenig, Hannes and Baccelli, Emmanuel},
  journal={IEEE Security \& Privacy},
  year={2019},
}

@misc{ariel-os-repo,
  title        = {{Ariel OS}},
  howpublished = {\url{https://github.com/ariel-os/ariel-os}},
  year         = {2025},
}

@article{baccelli2018riot,
  title={{RIOT: An open source operating system for low-end embedded devices in the IoT}},
  author={Baccelli, Emmanuel and others},
  journal={IEEE Internet of Things Journal},
  year={2018},
}

@article{hardrealtime-multiprocessor-survey,
author = {Davis, Robert I. and Burns, Alan},
title = {A survey of hard real-time scheduling for multiprocessor systems},
year = {2011},
journal = {ACM Comput. Surv.},
}

@inproceedings{EDF-RM-multiprocessor-survey,
  title={{EDF and RM Multiprocessor Scheduling Algorithms : Survey and Performance Evaluation}},
  author={Omar Zapata and Pedro Mej{\'i}a {\'A}lvarez},
  year={2005},
}

@inproceedings{brandenburg,
author = {Brandenburg, B. B.},
title = {{Scheduling and Locking in Multiprocessor Real-Time Operating Systems}},
booktitle = {PhD Diss., Uni. North Carolina},
year = {2011},
}

@misc{threadx,
  title        = {{Eclipse ThreadX}},
  howpublished = {\url{https://github.com/eclipse-threadx}},
  year         = {2025},
}

@misc{freertos,
  title        = {{FreeRTOS}},
  howpublished = {\url{https://www.freertos.org/}},
  year         = {2025},
}

@misc{zephyr,
  title        = {{Zephyr Project}},
  howpublished = {\url{https://zephyrproject.org/}},
  year         = {2025},
}

@misc{nuttx,
  title        = {{Apache NuttX}},
  howpublished = {\url{https://nuttx.apache.org/}},
  year         = {2025},
  note         = {[Online]}
}

@misc{ariel-benchmarks,
  title        = {{Ariel OS Benchmarks}},
  howpublished = {\url{https://github.com/elenaf9/ariel-os-benchmarks}},
  year         = {2025},
}

@misc{pico-mem-layout,
  author    = {Pete Warden},
  title        = {{Understanding the Raspberry Pi Pico’s Memory Layout}},
  howpublished = {Online: \url{https://petewarden.com/2024/01/16/understanding-the-raspberry-pi-picos-memory-layout/}},
  month         = {January},
  year         = {2024},
}

@misc{frank2025arielosembeddedrust,
      title={Ariel OS: An Embedded Rust Operating System for Networked Sensors & Multi-Core Microcontrollers}, 
      author={Elena Frank and Kaspar Schleiser and Romain Fouquet and Koen Zandberg and Christian Amsüss and Emmanuel Baccelli},
      year={2025},
      eprint={2504.19662},
      archivePrefix={arXiv},
      primaryClass={cs.OS},
      url={https://arxiv.org/abs/2504.19662}, 
}